@book {mukai,
    AUTHOR = {Mukai, Shigeru},
     TITLE = {An introduction to invariants and moduli},
    SERIES = {Cambridge Studies in Advanced Mathematics},
    VOLUME = {81},
      NOTE = {Translated from the 1998 and 2000 Japanese editions by W. M.
              Oxbury},
 PUBLISHER = {Cambridge University Press},
   ADDRESS = {Cambridge},
      YEAR = {2003},
     PAGES = {xx+503},
      ISBN = {0-521-80906-1},
   MRCLASS = {14-02 (14D20 14L24 14L30)},
  MRNUMBER = {MR2004218 (2004g:14002)},
MRREVIEWER = {Arvid Siqveland},
}

@book {git,
    AUTHOR = {Mumford, D. and Fogarty, J. and Kirwan, F.},
     TITLE = {Geometric invariant theory},
    SERIES = {Ergebnisse der Mathematik und ihrer Grenzgebiete (2) [Results
              in Mathematics and Related Areas (2)]},
    VOLUME = {34},
   EDITION = {Third},
 PUBLISHER = {Springer-Verlag},
   ADDRESS = {Berlin},
      YEAR = {1994},
     PAGES = {xiv+292},
      ISBN = {3-540-56963-4},
   MRCLASS = {14D25 (58E05 58F05)},
  MRNUMBER = {MR1304906 (95m:14012)},
MRREVIEWER = {Yi Hu},
}

@book {stanley2,
    AUTHOR = {Stanley, Richard P.},
     TITLE = {Enumerative combinatorics. {V}ol. 2},
    SERIES = {Cambridge Studies in Advanced Mathematics},
    VOLUME = {62},
      NOTE = {With a foreword by Gian-Carlo Rota and appendix 1 by Sergey
              Fomin},
 PUBLISHER = {Cambridge University Press},
   ADDRESS = {Cambridge},
      YEAR = {1999},
     PAGES = {xii+581},
      ISBN = {0-521-56069-1; 0-521-78987-7},
   MRCLASS = {05A15 (05-02 05E05 05E10 68R05)},
  MRNUMBER = {MR1676282 (2000k:05026)},
MRREVIEWER = {Ira Gessel},
}

@book {ega,
    AUTHOR = {Grothendieck, Alexander and Dieudonn\'e, Jean-Alexandre-Eug\`ene},
     TITLE = {\'{E}l\'ements de g\'eom\'etrie alg\'ebrique.},
      NOTE = {Institut des Hautes \'Etudes Scientifiques. Publications Math\'ematiques},
  FJOURNAL = {Institut des Hautes \'Etudes Scientifiques. Publications Math\'ematiques},
    NUMBER = {4, 8, 11, 17, 20, 24, 28, and 32},
      YEAR = {1960-1967},
      ISSN = {0073-8301},
   MRCLASS = {14.55},
}
